@article{groetsch1993inverse,
  title={Inverse problems and Torricelli's law},
  author={Groetsch, CW},
  journal={The College Mathematics Journal},
  volume={24},
  number={3},
  pages={210--217},
  year={1993},
  publisher={Taylor \& Francis}
}


@book{welty2020fundamentals,
  title={Fundamentals of momentum, heat, and mass transfer},
  author={Welty, James and Rorrer, Gregory L and Foster, David G},
  year={2020},
  publisher={John Wiley \& Sons}
}

@article{kennedy2001bayesian,
  title={Bayesian calibration of computer models},
  author={Kennedy, Marc C and O'Hagan, Anthony},
  journal={Journal of the Royal Statistical Society: Series B (Statistical Methodology)},
  volume={63},
  number={3},
  pages={425--464},
  year={2001},
  publisher={Wiley Online Library}
}


@article{brynjarsdottir2014learning,
  title={Learning about physical parameters: The importance of model discrepancy},
  author={Brynjarsd{\'o}ttir, Jenn{\`y} and OʼHagan, Anthony},
  journal={Inverse Problems},
  volume={30},
  number={11},
  pages={114007},
  year={2014},
  publisher={IOP Publishing}
}


@article{rackauckas2017differentialequations,
  title={Differential{E}quations.jl--a performant and feature-rich ecosystem for solving differential equations in {J}ulia},
  author={Rackauckas, Christopher and Nie, Qing},
  journal={Journal of Open Research Software},
  volume={5},
  number={1},
  year={2017},
  publisher={Ubiquity Press}
}

@book{seborg2016process,
  title={Process dynamics and control},
  author={Seborg, Dale E and Edgar, Thomas F and Mellichamp, Duncan A and Doyle III, Francis J},
  year={2016},
  publisher={John Wiley \& Sons}
}

@book{debook,
  title     = "Differential Equations and Linear Algebra",
  author    = "Grant B. Gustafson",
  year      = 2022
}

@article{powell2012carrying,
  title={Carrying biomath education in a leaky bucket},
  author={Powell, James A and Kohler, Brynja R and Haefner, James W and Bodily, Janice},
  journal={Bulletin of Mathematical Biology},
  volume={74},
  pages={2232--2264},
  year={2012},
  publisher={Springer}
}


@inproceedings{schomberg2018karnak,
  title={The Karnak Clepsydra and its Successors: Egypt’s Contribution to the Invention of Time Measurement},
  author={Schomberg, Anette},
  booktitle={Water Management in Ancient Civilizations},
  year={2018},
  pages={321-346},
  publisher={Berlin: Edition Topoi}
}

@article{mills1982newton,
  title={Newton's water clocks and the fluid mechanics of clepsydrae},
  author={Mills, Allan A},
  journal={Notes and Records of the Royal Society of London},
  volume={37},
  number={1},
  pages={35--61},
  year={1982},
  publisher={The Royal Society London}
}



@inproceedings{hejun1987research,
  title={Research on scale and precision of the water clock in ancient China},
  author={Hejun, Quan},
  booktitle={International Astronomical Union Colloquium},
  volume={91},
  pages={57--61},
  year={1987},
  organization={Cambridge University Press}
}


@article{ritner2016oriental,
  title={Oriental Institute Museum Notes 16: Two Egyptian Clepsydrae (OIM E16875 and A7125)},
  author={Ritner, Robert},
  journal={Journal of Near Eastern Studies},
  volume={75},
  number={2},
  pages={361--389},
  year={2016},
  publisher={University of Chicago Press Chicago, IL}
}


@article{bedini1962compartmented,
  title={The compartmented cylindrical clepsydra},
  author={Bedini, Silvio A},
  journal={Technology and Culture},
  volume={3},
  number={2},
  pages={115--141},
  year={1962},
  publisher={JSTOR}
}

@article{pogo1936egyptian,
  title={Egyptian water clocks},
  author={Pogo, Alexander},
  journal={Isis},
  volume={25},
  number={2},
  pages={403--425},
  year={1936},
  publisher={Saint Catherine Press Ltd.}
}


@article{hwang2021historical,
  title={Historical development of water-powered mechanical clocks},
  author={Hwang, Zheng-Hui and Yan, Hong-Sen and Lin, Tsung-Yi},
  journal={Mechanical Sciences},
  volume={12},
  number={1},
  pages={203--219},
  year={2021},
  publisher={Copernicus Publications G{\"o}ttingen, Germany}
}

@inproceedings{sakri2017numerical,
  title={Numerical simulation of liquids draining from a tank using OpenFOAM},
  author={Sakri, Fadhilah Mohd and Ali, Mohamed Sukri Mat and Salim, Sheikh Ahmad Zaki Shaikh and Muhamad, Sallehuddin},
  booktitle={IOP Conference Series: Materials Science and Engineering},
  volume={226},
  number={1},
  pages={012152},
  year={2017},
  organization={IOP Publishing}
}


@article{oshikawa2019simple,
  title={A Simple Mathematical Model for Flood Control by a Dry Dam},
  author={Oshikawa, Hideo},
  journal={Journal of Sustainable Engineering: Proceedings Series},
  volume={1},
  number={2},
  pages={207--217},
  year={2019}
}

@article{mathew2014numerical,
  title={Numerical study of air-core vortex dynamics during liquid draining from cylindrical tanks},
  author={Mathew, Sam and Patnaik, BSV and Tharakan, T John},
  journal={Fluid Dynamics Research},
  volume={46},
  number={2},
  pages={025508},
  year={2014},
  publisher={IOP Publishing}
}


@article{ivanov2014testing,
  title={Testing Bernoulli’s law},
  author={Ivanov, Dragia and Nikolov, Stefan and Petrova, Hristina},
  journal={Physics Education},
  volume={49},
  number={4},
  pages={436},
  year={2014},
  publisher={IOP Publishing}
}

@article{williams2021vessel,
  title={Vessel Drainage Under the Influence of Gravity},
  author={Williams, Hollis},
  journal={The Physics Teacher},
  volume={59},
  number={8},
  pages={629--631},
  year={2021},
  publisher={American Association of Physics Teachers}
}



@article{liu2008drainage,
  title={Drainage and filling in cylindrical and rectangular containers},
  author={Liu, TS and Merati, P and Woodiga, SA and Davis, C and Leong, CH and Johnson, J and Chen, KH},
  journal={Proceedings of the Institution of Mechanical Engineers, Part D: Journal of Automobile Engineering},
  volume={222},
  number={4},
  pages={565--577},
  year={2008},
  publisher={Sage Publications Sage UK: London, England}
}


@article{kirevs2006mariotte,
  title={Mariotte bottle with side openings},
  author={Kire{\v{s}}, Mari{\'a}n},
  journal={The Physics Teacher},
  volume={44},
  number={6},
  pages={388--389},
  year={2006},
  publisher={American Association of Physics Teachers}
}


@article{paldy1963apparatus,
  title={APPARATUS FOR TEACHING PHYSICS: The Water Can Paradox},
  author={Paldy, Lester G},
  journal={The Physics Teacher},
  volume={1},
  number={3},
  pages={126--126},
  year={1963},
  publisher={AIP Publishing}
}

@book{groetsch1993inverse,
  title={Inverse problems in the mathematical sciences},
  author={Groetsch, Charles W and Groetsch, CW},
  volume={52},
  year={1993},
  publisher={Springer}
}

@book{tarantola2005inverse,
  title={Inverse problem theory and methods for model parameter estimation},
  author={Tarantola, Albert},
  year={2005},
  publisher={SIAM}
}


@article{brady2009siphons,
  title={Siphons, Water Clocks, Cooling Coffee, and Leaking Capacitors: Classroom Activities and a few Equations to Help Students Understand Radioactive Decay and Other Exponential Processes},
  author={Brady, John B},
  journal={Journal of Geoscience Education},
  volume={57},
  number={3},
  pages={196--205},
  year={2009},
  publisher={Taylor \& Francis}
}

@book{neto2012introduction,
  title={An introduction to inverse problems with applications},
  author={Neto, Francisco Duarte Moura and da Silva Neto, Ant{\^o}nio Jos{\'e}},
  year={2012},
  publisher={Springer Science \& Business Media}
}



@article{lopac2015water,
  title={Water jets from bottles, buckets, barrels, and vases with holes},
  author={Lopac, Vjera},
  journal={The Physics Teacher},
  volume={53},
  number={3},
  pages={169--173},
  year={2015},
  publisher={AIP Publishing}
}




@article{driver1998torricelli,
  title={Torricelli's Law—an Ideal Example of an Elementary ODE},
  author={Driver, RD},
  journal={The American Mathematical Monthly},
  volume={105},
  number={5},
  pages={453--455},
  year={1998},
  publisher={Taylor \& Francis}
}



@article{lienhard1984velocity,
  title={Velocity coefficients for free jets from sharp-edged orifices},
  author={Lienhard, JH and Lienhard, JH},
  journal={Journal of Fluids Engineering},
  volume={106},
  pages={13-17},
  year={1984}
}

@article{saleta2005experimental,
  title={Experimental study of Bernoulli's equation with losses},
  author={Saleta, Mart{\'\i}n Eduardo and Tobia, Dina and Gil, Salvador},
  journal={American Journal of Physics},
  volume={73},
  number={7},
  pages={598--602},
  year={2005},
  publisher={[Woodbury, NY, etc. Published for the American Association of Physics~…}
}


@article{pavesi2019investigating,
  title={Investigating Torricelli’s law (and more) with a 19th-century bottle},
  author={Pavesi, Laura},
  journal={The Physics Teacher},
  volume={57},
  number={2},
  pages={106--108},
  year={2019},
  publisher={AIP Publishing}
}

@article{planinvsivc2011holes,
  title={Holes in a bottle filled with water: Which water-jet has the largest range?},
  author={Planin{\v{s}}i{\v{c}}, Gorazd and Ucke, Christian and Viennot, Laurence},
  journal={Physics Education Division (PED) of the European Physical Society (EPS)},
  year={2011}
}



@article{horsch2020simple,
  title={A simple model for the calculation of the fluid discharge from a small orifice},
  author={Horsch, Georgios M},
  journal={The Physics Teacher},
  volume={58},
  number={2},
  pages={113--115},
  year={2020},
  publisher={AIP Publishing}
}


@article{teoman2022discharge,
  title={The discharge of complex fluids through an orifice: A review},
  author={Teoman, Baran and Potanin, Andrei and Armenante, Piero M},
  journal={Chemical Engineering Research and Design},
  volume={179},
  pages={346--364},
  year={2022},
  publisher={Elsevier}
}


@article{wadhwa2021study,
  title={Study of coefficient of discharge through orifices},
  author={Wadhwa, Ajay},
  journal={European Journal of Physics},
  volume={43},
  number={1},
  pages={015702},
  year={2021},
  publisher={IOP Publishing}
}


@article{rother2024modelling,
  title={Modelling tank drainage using a simple apparatus},
  author={Rother, Michael A},
  journal={International Journal of Mathematical Education in Science and Technology},
  volume={55},
  number={2},
  pages={295--307},
  year={2024},
  publisher={Taylor \& Francis}
}


@article{hicks2014determining,
  title={Determining the coefficient of discharge for a draining container},
  author={Hicks, Ashley and Slaton, William},
  journal={The Physics Teacher},
  volume={52},
  number={1},
  pages={43--47},
  year={2014},
  publisher={AIP Publishing}
}


@incollection{wigner1990unreasonable,
  title={The unreasonable effectiveness of mathematics in the natural sciences},
  author={Wigner, Eugene P},
  booktitle={Mathematics and Science},
  pages={291--306},
  year={1990},
  publisher={World Scientific}
}

@article{blasone2015discharge,
  title={Discharge time of a cylindrical leaking bucket},
  author={Blasone, Massimo and Dell’Anno, Fabio and De Luca, Roberto and Faella, Orazio and Fiore, Oriana and Saggese, Aniello},
  journal={European Journal of Physics},
  volume={36},
  number={3},
  pages={035017},
  year={2015},
  publisher={IOP Publishing}
}


@article{de2000pin,
  title={Pin-hole water flow from cylindrical bottles},
  author={de Oliveira, Paulo Murilo Castro and Delfino, Antonio and Costa, Eden Vieira and Leite, Carlos Alberto Faria},
  journal={Physics Education},
  volume={35},
  number={2},
  pages={110},
  year={2000},
  publisher={IOP Publishing}
}



@book{groetsch1999inverse,
  title={Inverse problems: activities for undergraduates},
  author={Groetsch, Charles W},
  volume={12},
  year={1999},
  publisher={Cambridge University Press}
}

@article{d2021torricelli,
  title={Torricelli’s law revisited},
  author={D’Alessio, Serge},
  journal={European Journal of Physics},
  volume={42},
  number={6},
  pages={065808},
  year={2021},
  publisher={IOP Publishing}
}

@article{farmer1992physical,
  title={Physical demonstrations in the calculus classroom},
  author={Farmer, Tom and Gass, Fred},
  journal={The College Mathematics Journal},
  volume={23},
  number={2},
  pages={146--148},
  year={1992},
  publisher={Taylor \& Francis}
}
